
%
%  $Description: Sample bibliography$ 
% 
%  $Author: ienne $ 
%  $Date: 1995/09/15 15:19:53 $
%  $Revision: 1.3 $
%


@misc{arch1,
  title = {{VMKit: a Substrate for Managed Runtime Environments}},
  howpublished = "\url{http://llvm.org/pubs/2010-03-VEE-VMKit.pdf}"
}


@article{arch2,
    author  = "Michael Bebenita and Mason Chang and Karthik Manivannan and Gregor Wagner and Marcelo Cintra and Bernd Mathiske and Andreas Gal and Christian Wimmer and Michael Franz",
    title   = "Trace Based Compilation in Interpreter-less Execution Environments",
    year    = "2010",
    journal = "In Principles and Practice of Programming In Java 2010 (PPPJ)"
}



