
%
%  $Description: Sample bibliography$ 
% 
%  $Author: ienne $ 
%  $Date: 1995/09/15 15:19:53 $
%  $Revision: 1.3 $
%

@inproceedings{arch1,
  author = {N. Geoffray and G. Thomas and J.Lawall and G. Muller and B. Folliot},
  title = {{VMKit: a Substrate for Managed Runtime Environments}},
  booktitle = {Virtual Execution Environment Conference (VEE 2010)},
  publisher = {ACM Press},
  year = {2010},
  month = {March},
  address = {Pittsburgh, USA}
}


@inproceedings{mmtk,
 author = {Blackburn, Stephen M. and Cheng, Perry and McKinley, Kathryn S.},
 title = {Oil and Water? High Performance Garbage Collection in Java with MMTk},
 booktitle = {Proceedings of the 26th International Conference on Software Engineering},
 series = {ICSE '04},
 year = {2004},
 isbn = {0-7695-2163-0},
 pages = {137--146},
 numpages = {10},
 url = {http://dl.acm.org/citation.cfm?id=998675.999420},
 acmid = {999420},
 publisher = {IEEE Computer Society},
 address = {Washington, DC, USA},
} 



